@article{hutchins2011intelligence,
  title={{Intelligence-Driven Computer Network Defense Informed by Analysis of Adversary Campaigns and Intrusion Kill Chains}},
  author={Hutchins, Eric M and Cloppert, Michael J and Amin, Rohan M and others},
  journal={Leading Issues in Information Warfare \& Security Research},
  volume={1},
  number={1},
  pages={80},
  year={2011}
}
